%% This BibTeX bibliography file was created using BibDesk.
%% https://bibdesk.sourceforge.io/

%% Created for Seungtaek at 2021-07-11 22:44:00 +0900 


%% Saved with string encoding Unicode (UTF-8) 



@article{tiesinga2021codata,
	author = {Tiesinga, Eite and Mohr, Peter J and Newell, David B and Taylor, Barry N},
	date-added = {2021-07-11 22:43:48 +0900},
	date-modified = {2021-07-11 22:43:48 +0900},
	journal = {Reviews of Modern Physics},
	number = {2},
	pages = {025010},
	publisher = {APS},
	title = {CODATA recommended values of the fundamental physical constants: 2018},
	volume = {93},
	year = {2021}}

@article{park2010inactivation,
	author = {Park, Seung-Jin and Choi, Jun and Park, Gan Young and Lee, Seon-Kyoo and Cho, Youngsu and Yun, Ji In and Jeon, Sangmin and Kim, Kyong Tai and Lee, Jae Koo and Sim, Jae-Yoon},
	date-added = {2021-07-11 17:10:58 +0900},
	date-modified = {2021-07-11 17:10:58 +0900},
	journal = {IEEE Transactions on plasma science},
	number = {8},
	pages = {1956--1962},
	publisher = {IEEE},
	title = {Inactivation of S. mutans using an atmospheric plasma driven by a palm-size-integrated microwave power module},
	volume = {38},
	year = {2010}}

@article{lee2015self,
	author = {Lee, HW and Kim, MS and Won, IH and Yun, GS and Lee, JK},
	date-added = {2021-07-11 17:10:25 +0900},
	date-modified = {2021-07-11 17:10:25 +0900},
	journal = {Journal of Physics D: Applied Physics},
	number = {15},
	pages = {155203},
	publisher = {IOP Publishing},
	title = {Self-prevention of instability in a low-power microwave Ar plasma jet for biomedical applications},
	volume = {48},
	year = {2015}}

@article{kang2011slit,
	author = {Kang, SK and Seo, YS and Lee, H Wk and Kim, GC and Lee, JK and others},
	date-added = {2021-07-11 17:09:44 +0900},
	date-modified = {2021-07-11 17:09:44 +0900},
	journal = {Journal of Physics D: Applied Physics},
	number = {43},
	pages = {435201},
	publisher = {IOP Publishing},
	title = {Slit shaped microwave induced atmospheric pressure plasma based on a parallel plate transmission line resonator},
	volume = {44},
	year = {2011}}

@book{pozar2011microwave,
	author = {Pozar, David M},
	date-added = {2021-07-11 16:24:04 +0900},
	date-modified = {2021-07-11 16:24:04 +0900},
	publisher = {John wiley \& sons},
	title = {Microwave engineering},
	year = {2011}}

@article{iza2005split,
	author = {Iza, Felipe and Hopwood, J},
	date-added = {2021-07-11 15:36:49 +0900},
	date-modified = {2021-07-11 15:36:49 +0900},
	journal = {Plasma Sources Science and Technology},
	number = {2},
	pages = {397},
	publisher = {IOP Publishing},
	title = {Split-ring resonator microplasma: microwave model, plasma impedance and power efficiency},
	volume = {14},
	year = {2005}}

@article{choi2009microwave,
	author = {Choi, J and Iza, F and Do, HJ and Lee, JK and Cho, MH},
	date-added = {2021-07-11 15:35:53 +0900},
	date-modified = {2021-07-11 15:35:53 +0900},
	journal = {Plasma Sources Science and Technology},
	number = {2},
	pages = {025029},
	publisher = {IOP Publishing},
	title = {Microwave-excited atmospheric-pressure microplasmas based on a coaxial transmission line resonator},
	volume = {18},
	year = {2009}}

@article{mckay2010excitation,
	author = {McKay, K and Iza, F and Kong, MG},
	date-added = {2021-07-11 15:35:04 +0900},
	date-modified = {2021-07-11 15:35:04 +0900},
	journal = {The European Physical Journal D},
	number = {3},
	pages = {497--503},
	publisher = {Springer},
	title = {Excitation frequency effects on atmospheric-pressure helium RF microplasmas: plasma density, electron energy and plasma impedance},
	volume = {60},
	year = {2010}}

@article{blackwell2005measurement,
	author = {Blackwell, David D and Walker, David N and Amatucci, William E},
	date-added = {2021-07-11 15:34:09 +0900},
	date-modified = {2021-07-11 15:34:09 +0900},
	journal = {Review of Scientific Instruments},
	number = {2},
	pages = {023503},
	publisher = {American Institute of Physics},
	title = {Measurement of absolute electron density with a plasma impedance probe},
	volume = {76},
	year = {2005}}

@book{lieberman2005principles,
	author = {Lieberman, Michael A and Lichtenberg, Alan J},
	date-added = {2021-07-11 15:32:02 +0900},
	date-modified = {2021-07-11 15:32:02 +0900},
	publisher = {John Wiley \& Sons},
	title = {Principles of plasma discharges and materials processing},
	year = {2005}}

@article{tendero2006atmospheric,
	author = {Tendero, Claire and Tixier, Christelle and Tristant, Pascal and Desmaison, Jean and Leprince, Philippe},
	date-added = {2021-07-11 15:21:37 +0900},
	date-modified = {2021-07-11 15:21:37 +0900},
	journal = {Spectrochimica Acta Part B: Atomic Spectroscopy},
	number = {1},
	pages = {2--30},
	publisher = {Elsevier},
	title = {Atmospheric pressure plasmas: A review},
	volume = {61},
	year = {2006}}

@article{graves2014low,
	author = {Graves, David B},
	date-added = {2021-07-11 15:06:20 +0900},
	date-modified = {2021-07-11 15:06:20 +0900},
	journal = {Physics of Plasmas},
	number = {8},
	pages = {080901},
	publisher = {AIP Publishing LLC},
	title = {Low temperature plasma biomedicine: A tutorial review},
	volume = {21},
	year = {2014}}

@article{lu2016reactive,
	author = {Lu, X and Naidis, GV and Laroussi, Mounir and Reuter, Stephan and Graves, DB and Ostrikov, Ken},
	date-added = {2021-07-11 15:05:57 +0900},
	date-modified = {2021-07-11 15:05:57 +0900},
	journal = {Physics Reports},
	pages = {1--84},
	publisher = {Elsevier},
	title = {Reactive species in non-equilibrium atmospheric-pressure plasmas: Generation, transport, and biological effects},
	volume = {630},
	year = {2016}}

@article{kuo2007fan,
	author = {Kuo, Spencer P and Popovic, S and Tarasenko, Olga and Rubinraut, M and Raskovic, M},
	date-added = {2021-07-11 15:04:03 +0900},
	date-modified = {2021-07-11 15:04:03 +0900},
	journal = {Plasma Sources Science and Technology},
	number = {3},
	pages = {581},
	publisher = {IOP Publishing},
	title = {Fan-shaped microwave plasma for mail decontamination},
	volume = {16},
	year = {2007}}

@article{sera2008germination,
	author = {Sera, Bozena and Stran{\'a}k, Vitezslav and Ser{\`y}, Michal and Tich{\`y}, Milan and Spatenka, Petr},
	date-added = {2021-07-11 15:00:47 +0900},
	date-modified = {2021-07-11 15:00:47 +0900},
	journal = {Plasma Science and Technology},
	number = {4},
	pages = {506},
	publisher = {IOP Publishing},
	title = {Germination of Chenopodium album in response to microwave plasma treatment},
	volume = {10},
	year = {2008}}

@article{nam2017asymmetric,
	author = {Nam, Woo Jin and Lee, Seungtaek and Jeong, Seok Yong and Lee, Jae Koo and Yun, Gunsu S},
	date-added = {2021-07-11 00:44:53 +0900},
	date-modified = {2021-07-11 00:45:01 +0900},
	journal = {The European Physical Journal D},
	number = {5},
	pages = {1--5},
	publisher = {Springer},
	title = {Asymmetric frequency dependence of plasma jet formation in resonator electrode},
	volume = {71},
	year = {2017}}

@article{lee2017situ,
	author = {Lee, Seungtaek and Nam, Woo Jin and Lee, Jae Koo and Yun, Gunsu},
	date-added = {2021-07-11 00:43:36 +0900},
	date-modified = {2021-07-11 00:46:18 +0900},
	journal = {Plasma Sources Science and Technology},
	number = {4},
	pages = {045004},
	publisher = {IOP Publishing},
	title = {In situ impedance measurement of microwave atmospheric pressure plasma},
	volume = {26},
	year = {2017}}

@article{kramer2015cold,
	author = {Kramer, Axel and Bekeschus, Sander and Matthes, Rutger and Bender, Claudia and Stope, Matthias B and Napp, Matthias and Lademann, Olaf and Lademann, J{\"u}rgen and Weltmann, Klaus-Dieter and Schauer, Frieder},
	date-added = {2021-07-08 16:20:01 +0900},
	date-modified = {2021-07-09 15:52:46 +0900},
	journal = {Plasma Processes and Polymers},
	number = {12},
	pages = {1410--1422},
	publisher = {Wiley Online Library},
	title = {Cold physical plasmas in the field of hygiene--relevance, significance, and future applications},
	volume = {12},
	year = {2015}}

@article{vollath2008plasma,
	author = {Vollath, Dieter},
	date-added = {2021-07-08 16:19:41 +0900},
	date-modified = {2021-07-08 16:19:41 +0900},
	journal = {Journal of Nanoparticle Research},
	number = {1},
	pages = {39--57},
	publisher = {Springer},
	title = {Plasma synthesis of nanopowders},
	volume = {10},
	year = {2008}}

@article{duzy1980photoionization,
	author = {Duzy, C and Hyman, HA},
	date-added = {2021-06-28 21:10:05 +0900},
	date-modified = {2021-06-28 21:10:05 +0900},
	journal = {Physical Review A},
	number = {5},
	pages = {1878},
	publisher = {APS},
	title = {Photoionization of excited rare-gas atoms},
	volume = {22},
	year = {1980}}

@book{ichimaru2012strongly,
	author = {Ichimaru, Setsuo},
	date-added = {2021-06-28 19:34:00 +0900},
	date-modified = {2021-06-28 19:34:00 +0900},
	publisher = {Elsevier},
	title = {Strongly Coupled Plasma Physics},
	year = {2012}}

@article{nahar1997electron,
	author = {Nahar, Sultana N and Pradhan, Anil K},
	date-added = {2021-06-28 19:30:54 +0900},
	date-modified = {2021-06-28 19:30:54 +0900},
	journal = {The Astrophysical Journal Supplement Series},
	number = {1},
	pages = {339},
	publisher = {IOP Publishing},
	title = {Electron-ion recombination rate coefficients, photoionization cross sections, and ionization fractions for astrophysically abundant elements. I. Carbon and nitrogen},
	volume = {111},
	year = {1997}}

@article{karzas1961electron,
	author = {Karzas, WJ and Latter, Richard},
	date-added = {2021-06-28 19:29:48 +0900},
	date-modified = {2021-06-28 19:29:48 +0900},
	journal = {The Astrophysical Journal Supplement Series},
	pages = {167},
	title = {Electron Radiative Transitions in a Coulomb Field.},
	volume = {6},
	year = {1961}}

@article{seaton1959radiative,
	author = {Seaton, MJ},
	date-added = {2021-06-28 19:29:01 +0900},
	date-modified = {2021-06-28 19:29:01 +0900},
	journal = {Monthly Notices of the Royal Astronomical Society},
	number = {2},
	pages = {81--89},
	publisher = {Oxford University Press Oxford, UK},
	title = {Radiative recombination of hydrogenic ions},
	volume = {119},
	year = {1959}}

@book{saleh2019fundamentals,
	author = {Saleh, Bahaa EA and Teich, Malvin Carl},
	date-added = {2021-06-28 18:25:15 +0900},
	date-modified = {2021-06-28 18:25:15 +0900},
	publisher = {john Wiley \& sons},
	title = {Fundamentals of photonics},
	year = {2019}}

@article{lee2021quasi,
	author = {Lee, Seungtaek and Lee, Juho Lee and Kim, Yeonguk and Jeong, Seokyong and Kim, Dong Eon and Yun, Gunsu},
	date-added = {2021-06-28 02:28:07 +0900},
	date-modified = {2021-06-28 02:30:44 +0900},
	journal = {Nature communications},
	pages = {Accepted},
	publisher = {Nature Publishing Group},
	title = {Quasi-equilibrium phase coexistence in single component supercritical fluids},
	year = {2021}}

@book{huebner2014opacity,
	author = {Huebner, Walter F and Barfield, W David},
	date-added = {2021-06-28 02:20:57 +0900},
	date-modified = {2021-06-28 02:20:57 +0900},
	publisher = {Springer},
	title = {Opacity},
	year = {2014}}

@article{ciricosta2012direct,
	author = {Ciricosta, O and Vinko, SM and Chung, H-K and Cho, B-I and Brown, CRD and Burian, T and Chalupsk{\`y}, J and Engelhorn, K and Falcone, RW and Graves, C and others},
	date-added = {2021-06-28 02:18:31 +0900},
	date-modified = {2021-06-28 02:18:31 +0900},
	journal = {Physical review letters},
	number = {6},
	pages = {065002},
	publisher = {APS},
	title = {Direct measurements of the ionization potential depression in a dense plasma},
	volume = {109},
	year = {2012}}

@book{kalman2013strongly,
	author = {Kalman, Gabor and Carini, Paul},
	date-added = {2021-06-28 02:10:35 +0900},
	date-modified = {2021-06-28 02:10:35 +0900},
	publisher = {Springer Science \& Business Media},
	title = {Strongly coupled plasmas},
	volume = {36},
	year = {2013}}

@book{rogers2013strongly,
	author = {Rogers, Forrest J and Dewitt, Hugh E},
	date-added = {2021-06-28 02:09:43 +0900},
	date-modified = {2021-06-28 02:09:43 +0900},
	publisher = {Springer Science \& Business Media},
	title = {Strongly Coupled Plasma Physics},
	volume = {154},
	year = {2013}}

@article{kwon2011overview,
	author = {Kwon, M and Oh, YK and Yang, HL and Na, HK and Kim, YS and Kwak, JG and Kim, WC and Kim, JY and Ahn, JW and Bae, YS and others},
	date-added = {2021-06-28 01:54:41 +0900},
	date-modified = {2021-06-28 01:54:41 +0900},
	journal = {Nuclear Fusion},
	number = {9},
	pages = {094006},
	publisher = {IOP Publishing},
	title = {Overview of KSTAR initial operation},
	volume = {51},
	year = {2011}}

@article{fisch1978confining,
	author = {Fisch, Nathaniel J},
	date-added = {2021-06-28 01:53:49 +0900},
	date-modified = {2021-06-28 01:53:49 +0900},
	journal = {Physical Review Letters},
	number = {13},
	pages = {873},
	publisher = {APS},
	title = {Confining a tokamak plasma with rf-driven currents},
	volume = {41},
	year = {1978}}

@article{mukhovatov1971plasma,
	author = {Mukhovatov, VS and Shafranov, VD},
	date-added = {2021-06-28 01:53:34 +0900},
	date-modified = {2021-06-28 01:53:34 +0900},
	journal = {Nuclear Fusion},
	number = {6},
	pages = {605},
	publisher = {IOP Publishing},
	title = {Plasma equilibrium in a tokamak},
	volume = {11},
	year = {1971}}

@book{de1986high,
	author = {de Groot, Josephus Johannes and Van Vliet, JAJM},
	date-added = {2021-06-28 01:46:34 +0900},
	date-modified = {2021-06-28 01:46:34 +0900},
	publisher = {Macmillan International Higher Education},
	title = {The high-pressure sodium lamp},
	year = {1986}}

@article{donnelly2013plasma,
	author = {Donnelly, Vincent M and Kornblit, Avinoam},
	date-added = {2021-06-28 01:44:59 +0900},
	date-modified = {2021-06-28 01:44:59 +0900},
	journal = {Journal of Vacuum Science \& Technology A: Vacuum, Surfaces, and Films},
	number = {5},
	pages = {050825},
	publisher = {American Vacuum Society},
	title = {Plasma etching: Yesterday, today, and tomorrow},
	volume = {31},
	year = {2013}}

@article{langmuir1928oscillations,
	author = {Langmuir, Irving},
	date-added = {2021-06-28 01:38:02 +0900},
	date-modified = {2021-06-28 01:38:02 +0900},
	journal = {Proceedings of the National Academy of Sciences of the United States of America},
	number = {8},
	pages = {627},
	publisher = {National Academy of Sciences},
	title = {Oscillations in ionized gases},
	volume = {14},
	year = {1928}}

@article{havnes1996first,
	author = {Havnes, Ove and Tr{\o}im, J and Blix, T and Mortensen, W and N{\ae}sheim, LI and Thrane, E and T{\o}nnesen, T},
	date-added = {2021-06-27 17:10:44 +0900},
	date-modified = {2021-06-27 17:10:44 +0900},
	journal = {Journal of Geophysical Research: Space Physics},
	number = {A5},
	pages = {10839--10847},
	publisher = {Wiley Online Library},
	title = {First detection of charged dust particles in the Earth's mesosphere},
	volume = {101},
	year = {1996}}

@article{davies1997detection,
	author = {Davies, John K and Roush, Ted L and Cruikshank, Dale P and Bartholomew, Mary Jane and Geballe, Thomas R and Owen, Tobias and de Bergh, Catherine},
	date-added = {2021-06-27 17:10:09 +0900},
	date-modified = {2021-06-27 17:10:09 +0900},
	journal = {Icarus},
	number = {1},
	pages = {238--245},
	publisher = {Elsevier},
	title = {The detection of water ice in comet Hale-Bopp},
	volume = {127},
	year = {1997}}

@article{goertz1989dusty,
	author = {Goertz, CK},
	date-added = {2021-06-27 17:09:08 +0900},
	date-modified = {2021-06-27 17:09:08 +0900},
	journal = {Reviews of Geophysics},
	number = {2},
	pages = {271--292},
	publisher = {Wiley Online Library},
	title = {Dusty plasmas in the solar system},
	volume = {27},
	year = {1989}}

@article{pollack1994composition,
	author = {Pollack, James B and Hollenbach, David and Beckwith, Steven and Simonelli, Damon P and Roush, Ted and Fong, Wesley},
	date-added = {2021-06-27 17:08:11 +0900},
	date-modified = {2021-06-27 17:08:11 +0900},
	journal = {The Astrophysical Journal},
	pages = {615--639},
	title = {Composition and radiative properties of grains in molecular clouds and accretion disks},
	volume = {421},
	year = {1994}}

@article{mcclure2012probing,
	author = {McClure, MK and Manoj, P and Calvet, Nuria and Adame, L and Espaillat, Catherine and Watson, DM and Sargent, B and Forrest, WJ and D'Alessio, P},
	date-added = {2021-06-27 17:07:16 +0900},
	date-modified = {2021-06-27 17:07:16 +0900},
	journal = {The Astrophysical Journal Letters},
	number = {1},
	pages = {L10},
	publisher = {IOP Publishing},
	title = {Probing dynamical processes in the planet-forming region with dust mineralogy},
	volume = {759},
	year = {2012}}

@article{zubko2004interstellar,
	author = {Zubko, Viktor and Dwek, Eli and Arendt, Richard G},
	date-added = {2021-06-27 17:04:46 +0900},
	date-modified = {2021-06-27 17:04:46 +0900},
	journal = {The Astrophysical Journal Supplement Series},
	number = {2},
	pages = {211},
	publisher = {IOP Publishing},
	title = {Interstellar dust models consistent with extinction, emission, and abundance constraints},
	volume = {152},
	year = {2004}}

@article{kroker2020ultrafast,
	author = {Kroker, Tobias and Gro{\ss}mann, Mario and Sengstock, Klaus and Drescher, Markus and Wessels-Staarmann, Philipp and Simonet, Juliette},
	date-added = {2021-06-27 16:21:35 +0900},
	date-modified = {2021-06-27 16:21:35 +0900},
	journal = {arXiv preprint arXiv:2005.14009},
	title = {Ultrafast Electron Cooling in an Expanding Ultracold Plasma},
	year = {2020}}

@article{langin2019laser,
	author = {Langin, Thomas K and Gorman, Grant M and Killian, Thomas C},
	date-added = {2021-06-27 16:20:03 +0900},
	date-modified = {2021-06-27 16:20:03 +0900},
	journal = {Science},
	number = {6422},
	pages = {61--64},
	publisher = {American Association for the Advancement of Science},
	title = {Laser cooling of ions in a neutral plasma},
	volume = {363},
	year = {2019}}

@article{dubin1999trapped,
	author = {Dubin, Daniel HE and O'neil, TM},
	date-added = {2021-06-27 16:19:05 +0900},
	date-modified = {2021-06-27 16:19:05 +0900},
	journal = {Reviews of Modern Physics},
	number = {1},
	pages = {87},
	publisher = {APS},
	title = {Trapped nonneutral plasmas, liquids, and crystals (the thermal equilibrium states)},
	volume = {71},
	year = {1999}}

@article{drewsen1998large,
	author = {Drewsen, Michael and Brodersen, C and Hornek{\ae}r, Liv and Hangst, Jeffrey S and Schifffer, JP},
	date-added = {2021-06-27 16:18:32 +0900},
	date-modified = {2021-06-27 16:18:32 +0900},
	journal = {Physical Review Letters},
	number = {14},
	pages = {2878},
	publisher = {APS},
	title = {Large ion crystals in a linear Paul trap},
	volume = {81},
	year = {1998}}

@article{diedrich1987observation,
	author = {Diedrich, F and Peik, E and Chen, JM and Quint, W and Walther, H},
	date-added = {2021-06-27 16:17:56 +0900},
	date-modified = {2021-06-27 16:17:56 +0900},
	journal = {Physical review letters},
	number = {26},
	pages = {2931},
	publisher = {APS},
	title = {Observation of a phase transition of stored laser-cooled ions},
	volume = {59},
	year = {1987}}

@article{harilal2004spatial,
	author = {Harilal, Sivanandan S},
	date-added = {2021-06-27 15:42:44 +0900},
	date-modified = {2021-06-27 15:42:44 +0900},
	journal = {Applied optics},
	number = {19},
	pages = {3931--3937},
	publisher = {Optical Society of America},
	title = {Spatial and temporal evolution of argon sparks},
	volume = {43},
	year = {2004}}

@incollection{tsuda2000calculation,
	author = {Tsuda, Norio and Yamada, Jun},
	booktitle = {Physics and technology for steady state plasmas},
	date-added = {2021-06-27 15:41:34 +0900},
	date-modified = {2021-06-27 15:41:34 +0900},
	title = {Calculation of high-pressure argon plasma parameters produced by excimer laser},
	year = {2000}}

@article{dimonte2008molecular,
	author = {Dimonte, Guy and Daligault, Jerome},
	date-added = {2021-06-27 00:29:07 +0900},
	date-modified = {2021-06-27 00:29:07 +0900},
	journal = {Physical review letters},
	number = {13},
	pages = {135001},
	publisher = {APS},
	title = {Molecular-dynamics simulations of electron-ion temperature relaxation in a classical Coulomb plasma},
	volume = {101},
	year = {2008}}

@article{murillo2004strongly,
	author = {Murillo, Michael S},
	date-added = {2021-06-26 17:47:49 +0900},
	date-modified = {2021-06-26 17:47:49 +0900},
	journal = {Physics of Plasmas},
	number = {5},
	pages = {2964--2971},
	publisher = {American Institute of Physics},
	title = {Strongly coupled plasma physics and high energy-density matter},
	volume = {11},
	year = {2004}}

@book{huba1998nrl,
	author = {Huba, Joseph Donald},
	date-added = {2021-06-25 16:55:02 +0900},
	date-modified = {2021-06-25 16:55:02 +0900},
	number = {98-358},
	publisher = {Naval Research Laboratory},
	title = {NRL plasma formulary},
	volume = {6790},
	year = {1998}}

@article{remington2006experimental,
	author = {Remington, Bruce A and Drake, R Paul and Ryutov, Dmitri D},
	date-added = {2021-06-25 16:21:40 +0900},
	date-modified = {2021-06-25 16:21:40 +0900},
	journal = {Reviews of Modern Physics},
	number = {3},
	pages = {755},
	publisher = {APS},
	title = {Experimental astrophysics with high power lasers and Z pinches},
	volume = {78},
	year = {2006}}

@article{cartier2020planetary,
	abstract = {Lightning on Earth needs just a few simple ingredients to generate a spark. Those ingredients exist throughout the solar system and beyond.},
	author = {Cartier, Kimberly},
	date-added = {2021-06-25 16:20:44 +0900},
	date-modified = {2021-06-25 16:20:44 +0900},
	journal = {Eos},
	month = apr,
	title = {Planetary {Lightning}: {Same} {Physics}, {Distant} {Worlds}},
	volume = {101},
	year = {2020}}

@article{ichimaru1982strongly,
	author = {Ichimaru, Setsuo},
	date-added = {2021-06-25 16:16:28 +0900},
	date-modified = {2021-06-25 16:16:28 +0900},
	journal = {Reviews of Modern Physics},
	number = {4},
	pages = {1017},
	publisher = {APS},
	title = {Strongly coupled plasmas: high-density classical plasmas and degenerate electron liquids},
	volume = {54},
	year = {1982}}

@article{stanton2016ionic,
	author = {Stanton, Liam G and Murillo, Michael S},
	date-added = {2021-06-25 16:15:24 +0900},
	date-modified = {2021-06-25 16:15:24 +0900},
	journal = {Physical Review E},
	number = {4},
	pages = {043203},
	publisher = {APS},
	title = {Ionic transport in high-energy-density matter},
	volume = {93},
	year = {2016}}

@book{kramida2020nist,
	address = {Gaithersburg MD},
	author = {Kramida, Alexander and Ralchenko, Yuri and Reader, Joseph},
	date-added = {2021-06-25 13:38:14 +0900},
	date-modified = {2021-06-25 13:42:09 +0900},
	publisher = {National Institute of Standards and Technology},
	title = {NIST Atomic Spectra Database, NIST Standard Reference Database number 78},
	year = {2020},
	Bdsk-Url-1 = {http://www.nist.gov/pml/data/asd.cfm},
	Bdsk-Url-2 = {https://doi.org/10.18434/T4W30F}}

@book{zel2002physics,
	author = {Zel'Dovich, Ya B and Raizer, Yu P},
	date-added = {2021-06-25 13:27:29 +0900},
	date-modified = {2021-06-25 13:27:29 +0900},
	publisher = {Courier Corporation},
	title = {Physics of shock waves and high-temperature hydrodynamic phenomena},
	year = {2002}}

@article{griem1962high,
	author = {Griem, Hans R},
	date-added = {2021-06-25 13:22:52 +0900},
	date-modified = {2021-06-25 13:22:52 +0900},
	journal = {Physical Review},
	number = {3},
	pages = {997},
	publisher = {APS},
	title = {High-density corrections in plasma spectroscopy},
	volume = {128},
	year = {1962}}

@article{bataller2014blackbody,
	author = {Bataller, A and Plateau, GR and Kappus, B and Putterman, S},
	date-added = {2021-06-25 13:17:57 +0900},
	date-modified = {2021-06-25 13:17:57 +0900},
	journal = {Physical review letters},
	number = {7},
	pages = {075001},
	publisher = {APS},
	title = {Blackbody emission from laser breakdown in high-pressure gases},
	volume = {113},
	year = {2014}}

@article{ivkovic2017stark,
	author = {Ivkovi{\'c}, M and Konjevi{\'c}, N},
	date-added = {2021-06-25 13:16:18 +0900},
	date-modified = {2021-06-25 13:16:18 +0900},
	journal = {Spectrochimica Acta Part B: Atomic Spectroscopy},
	pages = {79--92},
	publisher = {Elsevier},
	title = {Stark width and shift for electron number density diagnostics of low temperature plasma: Application to silicon Laser Induced Breakdown Spectroscopy},
	volume = {131},
	year = {2017}}

@article{konjevic2002experimental,
	author = {Konjevi{\'c}, N and Lesage, A and Fuhr, Jeffrey R and Wiese, Wolfgang L},
	date-added = {2021-06-25 13:14:47 +0900},
	date-modified = {2021-06-25 13:14:47 +0900},
	journal = {Journal of Physical and Chemical Reference Data},
	number = {3},
	pages = {819--927},
	publisher = {American Institute of Physics for the National Institute of Standards and~{\ldots}},
	title = {Experimental Stark widths and shifts for spectral lines of neutral and ionized atoms (a critical review of selected data for the period 1989 through 2000)},
	volume = {31},
	year = {2002}}

@article{potekhin2002electric,
	author = {Potekhin, Alexander Y and Chabrier, Gilles and Gilles, Dominique},
	date-added = {2021-06-25 13:13:18 +0900},
	date-modified = {2021-06-25 13:13:18 +0900},
	journal = {Physical Review E},
	number = {3},
	pages = {036412},
	publisher = {APS},
	title = {Electric microfield distributions in electron-ion plasmas},
	volume = {65},
	year = {2002}}

@book{griem2012spectral,
	author = {Griem, Hans},
	date-added = {2021-06-25 13:07:31 +0900},
	date-modified = {2021-06-25 13:07:31 +0900},
	publisher = {Elsevier},
	title = {Spectral line broadening by plasmas},
	year = {2012}}

@article{bengoechea2005asymmetric,
	author = {Bengoechea, J and Arag{\'o}n, C and Aguilera, JA},
	date-added = {2021-06-25 13:06:18 +0900},
	date-modified = {2021-06-25 13:06:18 +0900},
	journal = {Spectrochimica Acta Part B: Atomic Spectroscopy},
	number = {7-8},
	pages = {897--904},
	publisher = {Elsevier},
	title = {Asymmetric Stark broadening of the Fe I 538.34 nm emission line in a laser induced plasma},
	volume = {60},
	year = {2005}}

@article{van2012laser,
	author = {Van Gessel, AFH and Carbone, EAD and Bruggeman, PJ and Van der Mullen, JJAM},
	date-added = {2021-06-25 11:47:19 +0900},
	date-modified = {2021-06-25 11:47:19 +0900},
	journal = {Plasma Sources Science and Technology},
	number = {1},
	pages = {015003},
	publisher = {IOP Publishing},
	title = {Laser scattering on an atmospheric pressure plasma jet: disentangling Rayleigh, Raman and Thomson scattering},
	volume = {21},
	year = {2012}}

@book{bellan2008fundamentals,
	author = {Bellan, Paul M},
	date-added = {2021-06-25 11:31:43 +0900},
	date-modified = {2021-06-25 11:31:43 +0900},
	publisher = {Cambridge University Press},
	title = {Fundamentals of plasma physics},
	year = {2008}}

@article{bataller2016observation,
	author = {Bataller, A and Putterman, S and Pree, S and Koulakis, J},
	date-added = {2021-06-25 11:20:34 +0900},
	date-modified = {2021-06-25 11:20:34 +0900},
	journal = {Physical review letters},
	number = {8},
	pages = {085001},
	publisher = {APS},
	title = {Observation of shell structure, electronic screening, and energetic limiting in sparks},
	volume = {117},
	year = {2016}}

@article{wang2017development,
	author = {Wang, Tao and Du, Kai and He, Zhibing and He, Xiaoshan},
	date-added = {2021-06-25 10:53:29 +0900},
	date-modified = {2021-06-25 10:53:29 +0900},
	journal = {High Power Laser Science and Engineering},
	publisher = {Cambridge University Press},
	title = {Development of target fabrication for laser-driven inertial confinement fusion at research center of laser fusion},
	volume = {5},
	year = {2017}}

@article{clark2010plastic,
	author = {Clark, Daniel S and Haan, Steven W and Hammel, Bruce A and Salmonson, Jay D and Callahan, Debra A and Town, Richard PJ},
	date-added = {2021-06-25 10:52:19 +0900},
	date-modified = {2021-06-25 10:52:19 +0900},
	journal = {Physics of Plasmas},
	number = {5},
	pages = {052703},
	publisher = {American Institute of Physics},
	title = {Plastic ablator ignition capsule design for the National Ignition Facility},
	volume = {17},
	year = {2010}}

@book{chapman1990mathematical,
	author = {Chapman, Sydney and Cowling, Thomas George},
	date-added = {2021-06-24 14:33:08 +0900},
	date-modified = {2021-06-24 14:33:08 +0900},
	publisher = {Cambridge university press},
	title = {The mathematical theory of non-uniform gases: an account of the kinetic theory of viscosity, thermal conduction and diffusion in gases},
	year = {1990}}

@article{julin2013mass,
	author = {Julin, Jan and Shiraiwa, Manabu and Miles, Rachael EH and Reid, Jonathan P and P{\"o}schl, Ulrich and Riipinen, Ilona},
	date-added = {2021-06-24 14:32:54 +0900},
	date-modified = {2021-06-24 14:32:54 +0900},
	journal = {The Journal of Physical Chemistry A},
	number = {2},
	pages = {410--420},
	publisher = {ACS Publications},
	title = {Mass accommodation of water: Bridging the gap between molecular dynamics simulations and kinetic condensation models},
	volume = {117},
	year = {2013}}

@article{ishiyama2004molecular,
	author = {Ishiyama, Tatsuya and Yano, Takeru and Fujikawa, Shigeo},
	date-added = {2021-06-24 14:32:39 +0900},
	date-modified = {2021-06-24 14:32:39 +0900},
	journal = {Physics of Fluids},
	number = {8},
	pages = {2899--2906},
	publisher = {American Institute of Physics},
	title = {Molecular dynamics study of kinetic boundary condition at an interface between argon vapor and its condensed phase},
	volume = {16},
	year = {2004}}

@article{einstein1956investigations,
	author = {Einstein, A},
	date-added = {2021-06-24 14:32:21 +0900},
	date-modified = {2021-06-24 14:32:21 +0900},
	journal = {New York},
	title = {Investigations on the Theory of the Brownian Movement (translated by AD Cowper) Dover Publ},
	year = {1956}}

@article{hanna2010equation,
	author = {Hanna, GJ and McCluskey, MD},
	date-added = {2021-06-24 14:31:35 +0900},
	date-modified = {2021-06-24 14:31:35 +0900},
	journal = {Physical Review B},
	number = {13},
	pages = {132104},
	publisher = {APS},
	title = {Equation of state and refractive index of argon at high pressure by confocal microscopy},
	volume = {81},
	year = {2010}}

@book{howell2020thermal,
	author = {Howell, John R and Meng{\"u}{\c{c}}, M Pinar and Daun, Kyle and Siegel, Robert},
	date-added = {2021-06-24 14:31:22 +0900},
	date-modified = {2021-06-24 14:31:22 +0900},
	publisher = {CRC press},
	title = {Thermal radiation heat transfer},
	year = {2020}}

@book{hulst1981light,
	author = {Hulst, Hendrik Christoffel and van de Hulst, Hendrik C},
	date-added = {2021-06-24 14:31:08 +0900},
	date-modified = {2021-06-24 14:31:08 +0900},
	publisher = {Courier Corporation},
	title = {Light scattering by small particles},
	year = {1981}}

@article{fivsak2016rayleigh,
	author = {Fi{\v{s}}{\'a}k, Jakub and Krti{\v{c}}ka, Ji{\v{r}}{\'\i} and Munzar, Dominik and Kub{\'a}t, Ji{\v{r}}{\'\i}},
	date-added = {2021-06-24 14:30:56 +0900},
	date-modified = {2021-06-24 14:30:56 +0900},
	journal = {Astronomy \& Astrophysics},
	pages = {A95},
	publisher = {EDP Sciences},
	title = {Rayleigh scattering in the atmospheres of hot stars},
	volume = {590},
	year = {2016}}

@article{tao2016revisiting,
	author = {Tao, Y and Hagmeijer, Rob and van der Weide, Edwin Theodorus Antonius and Bastiaens, Hubertus MJ and Boller, K-J},
	date-added = {2021-06-24 14:30:44 +0900},
	date-modified = {2021-06-24 14:30:44 +0900},
	journal = {Journal of Applied Physics},
	number = {16},
	pages = {164901},
	publisher = {AIP Publishing LLC},
	title = {Revisiting argon cluster formation in a planar gas jet for high-intensity laser matter interaction},
	volume = {119},
	year = {2016}}

@article{chen2009pressure,
	author = {Chen, Guanglong and Kim, Byunghoon and Ahn, Byungnam and Kim, Dong Eon},
	date-added = {2021-06-24 14:30:26 +0900},
	date-modified = {2021-06-24 14:30:26 +0900},
	journal = {Journal of Applied Physics},
	number = {5},
	pages = {053507},
	publisher = {American Institute of Physics},
	title = {Pressure dependence of argon cluster size for different nozzle geometries},
	volume = {106},
	year = {2009}}

@article{hagena1981nucleation,
	author = {Hagena, Otto F},
	date-added = {2021-06-24 14:30:13 +0900},
	date-modified = {2021-06-24 14:30:13 +0900},
	journal = {Surface Science},
	number = {1-3},
	pages = {101--116},
	publisher = {Elsevier},
	title = {Nucleation and growth of clusters in expanding nozzle flows},
	volume = {106},
	year = {1981}}

@article{banuti2017similarity,
	author = {Banuti, DT and Raju, M and Ihme, M},
	date-added = {2021-06-24 14:30:00 +0900},
	date-modified = {2021-06-24 14:30:00 +0900},
	journal = {Physical Review E},
	number = {5},
	pages = {052120},
	publisher = {APS},
	title = {Similarity law for Widom lines and coexistence lines},
	volume = {95},
	year = {2017}}

@book{linstorm2020nist,
	address = {Gaithersburg MD},
	author = {Linstrom, Peter J and Mallard, William G},
	date-added = {2021-06-24 14:22:57 +0900},
	date-modified = {2021-06-25 13:44:56 +0900},
	publisher = {National Institute of Standards and Technology},
	title = {NIST chemistry webbook, NIST standard reference database number 69},
	year = {2020}}

@article{harstad2000all,
	author = {Harstad, Kenneth and Bellan, Josette},
	date-added = {2021-06-24 14:22:31 +0900},
	date-modified = {2021-06-24 14:22:31 +0900},
	journal = {International Journal of Multiphase Flow},
	number = {10},
	pages = {1675--1706},
	publisher = {Elsevier},
	title = {An all-pressure fluid drop model applied to a binary mixture: heptane in nitrogen},
	volume = {26},
	year = {2000}}

@book{bellan2020high,
	author = {Bellan, Josette},
	date-added = {2021-06-24 14:22:18 +0900},
	date-modified = {2021-06-24 14:22:18 +0900},
	publisher = {American Institute of Aeronautics and Astronautics, Inc.},
	title = {High-Pressure Flows for Propulsion Applications},
	year = {2020}}

@book{taylor1996supercritical,
	author = {Taylor, Larry T},
	date-added = {2021-06-24 14:22:05 +0900},
	date-modified = {2021-06-24 14:22:05 +0900},
	publisher = {Wiley New York},
	title = {Supercritical fluid extraction},
	year = {1996}}

@article{schienbein2018investigation,
	author = {Schienbein, Philipp and Marx, Dominik},
	date-added = {2021-06-24 14:21:48 +0900},
	date-modified = {2021-06-24 14:21:48 +0900},
	journal = {Physical Review E},
	number = {2},
	pages = {022104},
	publisher = {APS},
	title = {Investigation concerning the uniqueness of separatrix lines separating liquidlike from gaslike regimes deep in the supercritical phase of water with a focus on Widom line concepts},
	volume = {98},
	year = {2018}}

@article{ploetz2019gas,
	author = {Ploetz, Elizabeth A and Smith, Paul E},
	date-added = {2021-06-24 14:21:35 +0900},
	date-modified = {2021-06-24 14:21:35 +0900},
	journal = {The Journal of Physical Chemistry B},
	number = {30},
	pages = {6554--6563},
	publisher = {ACS Publications},
	title = {Gas or Liquid? The Supercritical Behavior of Pure Fluids},
	volume = {123},
	year = {2019}}

@article{bryk2017behavior,
	author = {Bryk, T and Gorelli, FA and Mryglod, I and Ruocco, G and Santoro, M and Scopigno, T},
	date-added = {2021-06-24 14:21:19 +0900},
	date-modified = {2021-06-24 14:21:19 +0900},
	journal = {The journal of physical chemistry letters},
	number = {20},
	pages = {4995--5001},
	publisher = {ACS Publications},
	title = {Behavior of supercritical fluids across the ``frenkel line''},
	volume = {8},
	year = {2017}}

@article{proctor2018liquid,
	author = {Proctor, John},
	date-added = {2021-06-24 14:21:00 +0900},
	date-modified = {2021-06-24 14:21:00 +0900},
	journal = {Physics World},
	number = {5},
	pages = {31},
	publisher = {IOP Publishing},
	title = {Liquid mysteries},
	volume = {31},
	year = {2018}}

@article{prescher2017experimental,
	author = {Prescher, C and Fomin, Yu D and Prakapenka, VB and Stefanski, J and Trachenko, K and Brazhkin, VV},
	date-added = {2021-06-24 14:20:47 +0900},
	date-modified = {2021-06-24 14:20:47 +0900},
	journal = {Physical Review B},
	number = {13},
	pages = {134114},
	publisher = {APS},
	title = {Experimental evidence of the Frenkel line in supercritical neon},
	volume = {95},
	year = {2017}}

@article{pipich2020polymorphic,
	author = {Pipich, Vitaliy and Schwahn, Dietmar},
	date-added = {2021-06-24 14:20:36 +0900},
	date-modified = {2021-06-24 14:20:36 +0900},
	journal = {Scientific reports},
	number = {1},
	pages = {1--9},
	publisher = {Nature Publishing Group},
	title = {Polymorphic phase transition in liquid and supercritical carbon dioxide},
	volume = {10},
	year = {2020}}

@article{pipich2018densification,
	author = {Pipich, Vitaliy and Schwahn, Dietmar},
	date-added = {2021-06-24 14:20:23 +0900},
	date-modified = {2021-06-24 14:20:23 +0900},
	journal = {Physical review letters},
	number = {14},
	pages = {145701},
	publisher = {APS},
	title = {Densification of supercritical carbon dioxide accompanied by droplet formation when passing the Widom line},
	volume = {120},
	year = {2018}}

@article{maxim2019visualization,
	author = {Maxim, Florentina and Contescu, Cristian and Boillat, Pierre and Niceno, Bojan and Karalis, Konstantinos and Testino, Andrea and Ludwig, Christian},
	date-added = {2021-06-24 14:20:10 +0900},
	date-modified = {2021-06-24 14:20:10 +0900},
	journal = {Nature communications},
	number = {1},
	pages = {1--11},
	publisher = {Nature Publishing Group},
	title = {Visualization of supercritical water pseudo-boiling at Widom line crossover},
	volume = {10},
	year = {2019}}

@article{banuti2015crossing,
	author = {Banuti, DT},
	date-added = {2021-06-24 14:19:51 +0900},
	date-modified = {2021-06-24 14:19:51 +0900},
	journal = {The Journal of Supercritical Fluids},
	pages = {12--16},
	publisher = {Elsevier},
	title = {Crossing the Widom-line--Supercritical pseudo-boiling},
	volume = {98},
	year = {2015}}

@article{gorelli2006liquidlike,
	author = {Gorelli, Federico and Santoro, Mario and Scopigno, Tullio and Krisch, Michael and Ruocco, Giancarlo},
	date-added = {2021-06-24 14:19:36 +0900},
	date-modified = {2021-06-24 14:19:36 +0900},
	journal = {Physical review letters},
	number = {24},
	pages = {245702},
	publisher = {APS},
	title = {Liquidlike behavior of supercritical fluids},
	volume = {97},
	year = {2006}}

@article{simeoni2010widom,
	author = {Simeoni, GG and Bryk, T and Gorelli, FA and Krisch, M and Ruocco, Giancarlo and Santoro, M and Scopigno, Tullio},
	date-added = {2021-06-24 14:19:24 +0900},
	date-modified = {2021-06-24 14:19:24 +0900},
	journal = {Nature Physics},
	number = {7},
	pages = {503--507},
	publisher = {Nature Publishing Group},
	title = {The Widom line as the crossover between liquid-like and gas-like behaviour in supercritical fluids},
	volume = {6},
	year = {2010}}

@article{munshi2009supercritical,
	author = {Munshi, Pradip and Bhaduri, Sumit},
	date-added = {2021-06-24 14:19:11 +0900},
	date-modified = {2021-06-24 14:19:11 +0900},
	journal = {Current Science (00113891)},
	number = {1},
	title = {Supercritical CO 2: a twenty-first century solvent for the chemical industry.},
	volume = {97},
	year = {2009}}

@article{duffey2005experimental,
	author = {Duffey, Romney B and Pioro, Igor L},
	date-added = {2021-06-24 14:18:59 +0900},
	date-modified = {2021-06-24 14:18:59 +0900},
	journal = {Nuclear Engineering and Design},
	number = {8},
	pages = {913--924},
	publisher = {Elsevier},
	title = {Experimental heat transfer of supercritical carbon dioxide flowing inside channels (survey)},
	volume = {235},
	year = {2005}}

@article{matson1987rapid,
	author = {Matson, Dean W and Fulton, John L and Petersen, Robert C and Smith, Richard D},
	date-added = {2021-06-24 14:18:46 +0900},
	date-modified = {2021-06-24 14:18:46 +0900},
	journal = {Industrial \& engineering chemistry research},
	number = {11},
	pages = {2298--2306},
	publisher = {ACS Publications},
	title = {Rapid expansion of supercritical fluid solutions: solute formation of powders, thin films, and fibers},
	volume = {26},
	year = {1987}}

@article{lee2005polymer,
	author = {Lee, L James and Zeng, Changchun and Cao, Xia and Han, Xiangming and Shen, Jiong and Xu, Guojun},
	date-added = {2021-06-24 14:18:34 +0900},
	date-modified = {2021-06-24 14:18:34 +0900},
	journal = {Composites science and technology},
	number = {15-16},
	pages = {2344--2363},
	publisher = {Elsevier},
	title = {Polymer nanocomposite foams},
	volume = {65},
	year = {2005}}

@article{sovova2012steps,
	author = {Sovov{\'a}, Helena},
	date-added = {2021-06-24 14:18:21 +0900},
	date-modified = {2021-06-24 14:18:21 +0900},
	journal = {The Journal of Supercritical Fluids},
	pages = {73--79},
	publisher = {Elsevier},
	title = {Steps of supercritical fluid extraction of natural products and their characteristic times},
	volume = {66},
	year = {2012}}

@article{medina2012determination,
	author = {Medina, Ignacio},
	date-added = {2021-06-24 14:18:06 +0900},
	date-modified = {2021-06-24 14:18:06 +0900},
	journal = {Journal of Chromatography A},
	pages = {124--140},
	publisher = {Elsevier},
	title = {Determination of diffusion coefficients for supercritical fluids},
	volume = {1250},
	year = {2012}}

@article{stauss2015review,
	author = {Stauss, Sven and Muneoka, Hitoshi and Urabe, Keiichiro and Terashima, Kazuo},
	date-added = {2021-06-24 14:17:50 +0900},
	date-modified = {2021-06-24 14:17:50 +0900},
	journal = {Physics of Plasmas},
	number = {5},
	pages = {057103},
	publisher = {AIP Publishing LLC},
	title = {Review of electric discharge microplasmas generated in highly fluctuating fluids: Characteristics and application to nanomaterials synthesis},
	volume = {22},
	year = {2015}}

@article{knez2014industrial,
	author = {Knez, {\v{Z}}eljko and Marko{\v{c}}i{\v{c}}, Elena and Leitgeb, Maja and Primo{\v{z}}i{\v{c}}, Mateja and Hrn{\v{c}}i{\v{c}}, M Knez and {\v{S}}kerget, Mojca},
	date-added = {2021-06-24 14:17:13 +0900},
	date-modified = {2021-06-24 14:17:13 +0900},
	journal = {Energy},
	pages = {235--243},
	publisher = {Elsevier},
	title = {Industrial applications of supercritical fluids: A review},
	volume = {77},
	year = {2014}}

@article{berche2009critical,
	author = {Berche, Bertrand and Henkel, Malte and Kenna, Ralph},
	date-added = {2021-06-24 14:14:52 +0900},
	date-modified = {2021-06-24 15:01:24 +0900},
	doi = {10.30970/jps.13.3001},
	issn = {10274642, 23100052},
	journal = {Journal of Physical Studies},
	number = {3},
	pages = {3001},
	shorttitle = {Critical phenomena},
	title = {Critical phenomena: 150 years since {Cagniard} de la {Tour}},
	urldate = {2021-06-24},
	volume = {13},
	year = {2009},
	Bdsk-Url-1 = {http://physics.lnu.edu.ua/jps/2009/3/abs/a3001-4.html},
	Bdsk-Url-2 = {https://doi.org/10.30970/jps.13.3001}}
